@article{ardakani2017vlsi,
  title={VLSI implementation of deep neural network using integral stochastic computing},
  author={Ardakani, Arash and Leduc-Primeau, Fran{\c{c}}ois and Onizawa, Naoya and Hanyu, Takahiro and Gross, Warren J},
  journal={IEEE Transactions on Very Large Scale Integration (VLSI) Systems},
  volume={25},
  number={10},
  pages={2688--2699},
  year={2017},
  publisher={IEEE}
}
@article{natella2012fault,
  title={On fault representativeness of software fault injection},
  author={Natella, Roberto and Cotroneo, Domenico and Duraes, Joao A and Madeira, Henrique S},
  journal={IEEE Transactions on Software Engineering},
  volume={39},
  number={1},
  pages={80--96},
  year={2012},
  publisher={IEEE}
}
@incollection{papadakis2019mutation,
  title={Mutation testing advances: an analysis and survey},
  author={Papadakis, Mike and Kintis, Marinos and Zhang, Jie and Jia, Yue and Le Traon, Yves and Harman, Mark},
  booktitle={Advances in computers},
  volume={112},
  pages={275--378},
  year={2019},
  publisher={Elsevier}
}
@article{cherubin2019taffo,
  title={TAFFO: Tuning assistant for floating to fixed point optimization},
  author={Cherubin, Stefano and Cattaneo, Daniele and Chiari, Michele and Di Bello, Antonio and Agosta, Giovanni},
  journal={IEEE Embedded Systems Letters},
  volume={12},
  number={1},
  pages={5--8},
  year={2019},
  publisher={IEEE}
}
@inproceedings{baek2010green,
  title={Green: A framework for supporting energy-conscious programming using controlled approximation},
  author={Baek, Woongki and Chilimbi, Trishul M},
  booktitle={Proceedings of the 31st ACM SIGPLAN Conference on Programming Language Design and Implementation},
  pages={198--209},
  year={2010}
}
@article{rodrigues2019assessing,
  title={Assessing the reliability of successive approximate computing algorithms under fault injection},
  author={Rodrigues, Gennaro S and Barros de Oliveira, {\'A}dria and Kastensmidt, Fernanda Lima and Pouget, Vincent and Bosio, Alberto},
  journal={Journal of Electronic Testing},
  volume={35},
  number={3},
  pages={367--381},
  year={2019},
  publisher={Springer}
}
@inproceedings{aponte2018review,
  title={A review of approximate computing techniques towards fault mitigation in HW/SW systems},
  author={Aponte-Moreno, Alexander and Moncada, Alejandro and Restrepo-Calle, Felipe and Pedraza, Cesar},
  booktitle={2018 IEEE 19th Latin-American Test Symposium (LATS)},
  pages={1--6},
  year={2018},
  organization={IEEE}
}
@inproceedings{lu2023efficient,
  title={An efficient fault injection algorithm for identifying unimportant FFs in approximate computing circuits},
  author={Jiaxuan Lu and Yutaka Masuda and Tohru Ishihara },
  booktitle={2023 Design, Automation \& Test in Europe Conference \& Exhibition (DATE)},
  pages={1--2},
  year={2023},
  organization={IEEE}
}
@book{oates2022researching,
  title={Researching information systems and computing},
  author={Oates, Briony J and Griffiths, Marie and McLean, Rachel},
  year={2022},
  publisher={Sage}
}

@article{arlat1993fault,
  title={Fault injection and dependability evaluation of fault-tolerant systems},
  author={Arlat, Jean and Costes, Alain and Crouzet, Yves and Laprie, Jean-Claude and Powell, David},
  journal={IEEE Transactions on computers},
  volume={42},
  number={8},
  pages={913--923},
  year={1993},
  publisher={IEEE}
}

@book{shivakumar2014architecting,
  title={Architecting high performing, scalable and available enterprise web applications},
  author={Shivakumar, Shailesh Kumar},
  year={2014},
  publisher={Morgan Kaufmann}
}
@inproceedings{christmansson1996generation,
  title={Generation of an error set that emulates software faults based on field data},
  author={Christmansson, J{\"o}rgen and Chillarege, Ram},
  booktitle={Proceedings of Annual Symposium on Fault Tolerant Computing},
  pages={304--313},
  year={1996},
  organization={IEEE}
}

@article{duraes2006emulation,
  title={Emulation of software faults: A field data study and a practical approach},
  author={Duraes, Joao A and Madeira, Henrique S},
  journal={Ieee transactions on software engineering},
  volume={32},
  number={11},
  pages={849--867},
  year={2006},
  publisher={IEEE}
}

@article{natella2016assessing,
  title={Assessing dependability with software fault injection: A survey},
  author={Natella, Roberto and Cotroneo, Domenico and Madeira, Henrique S},
  journal={ACM Computing Surveys (CSUR)},
  volume={48},
  number={3},
  pages={1--55},
  year={2016},
  publisher={ACM New York, NY, USA}
}

@article{rodrigues2020survey,
  title={Survey on approximate computing and its intrinsic fault tolerance},
  author={Rodrigues, Gennaro and Lima Kastensmidt, Fernanda and Bosio, Alberto},
  journal={Electronics},
  volume={9},
  number={4},
  pages={557},
  year={2020},
  publisher={MDPI}
}
@inproceedings{han2013approximate,
  title={Approximate computing: An emerging paradigm for energy-efficient design},
  author={Han, Jie and Orshansky, Michael},
  booktitle={2013 18th IEEE European Test Symposium (ETS)},
  pages={1--6},
  year={2013},
  organization={IEEE}
}

@inproceedings{wunderlich2016pushing,
  title={Pushing the limits: How fault tolerance extends the scope of approximate computing},
  author={Wunderlich, Hans-Joachim and Braun, Claus and Sch{\"o}ll, Alexander},
  booktitle={2016 IEEE 22nd International Symposium on On-Line Testing and Robust System Design (IOLTS)},
  pages={133--136},
  year={2016},
  organization={IEEE}
}

@article{avizienis2004basic,
  title={Basic concepts and taxonomy of dependable and secure computing},
  author={Avizienis, Algirdas and Laprie, J-C and Randell, Brian and Landwehr, Carl},
  journal={IEEE transactions on dependable and secure computing},
  volume={1},
  number={1},
  pages={11--33},
  year={2004},
  publisher={IEEE}
}

@article{arlat2003comparison,
  title={Comparison of physical and software-implemented fault injection techniques},
  author={Arlat, Jean and Crouzet, Yves and Karlsson, Johan and Folkesson, Peter and Fuchs, Emmerich and Leber, G{\"u}nther H},
  journal={IEEE Transactions on computers},
  volume={52},
  number={9},
  pages={1115--1133},
  year={2003},
  publisher={IEEE}
}

@inproceedings{venkataramani2014axnn,
  title={AxNN: Energy-efficient neuromorphic systems using approximate computing},
  author={Venkataramani, Swagath and Ranjan, Ashish and Roy, Kaushik and Raghunathan, Anand},
  booktitle={Proceedings of the 2014 international symposium on Low power electronics and design},
  pages={27--32},
  year={2014}
}

@article{mittal2016survey,
  title={A survey of techniques for approximate computing},
  author={Mittal, Sparsh},
  journal={ACM Computing Surveys (CSUR)},
  volume={48},
  number={4},
  pages={1--33},
  year={2016},
  publisher={ACM New York, NY, USA}
}

@article{liu2020retrospective,
  title={A retrospective and prospective view of approximate computing [point of view},
  author={Liu, Weiqiang and Lombardi, Fabrizio and Shulte, Michael},
  journal={Proceedings of the IEEE},
  volume={108},
  number={3},
  pages={394--399},
  year={2020},
  publisher={IEEE}
}

%still no friggin implementation!
@inproceedings{li2018sculptor,
  title={Sculptor: Flexible approximation with selective dynamic loop perforation},
  author={Li, Shikai and Park, Sunghyun and Mahlke, Scott},
  booktitle={Proceedings of the 2018 International Conference on Supercomputing},
  pages={341--351},
  year={2018}
}

@article{tagliavini2018flexfloat,
  title={Flexfloat: A software library for transprecision computing},
  author={Tagliavini, Giuseppe and Marongiu, Andrea and Benini, Luca},
  journal={IEEE Transactions on Computer-Aided Design of Integrated Circuits and Systems},
  volume={39},
  number={1},
  pages={145--156},
  year={2018},
  publisher={IEEE}
}

@article{woodward1993mutation,
  title={Mutation testingâ€”its origin and evolution},
  author={Woodward, Martin R},
  journal={Information and Software Technology},
  volume={35},
  number={3},
  pages={163--169},
  year={1993},
  publisher={Elsevier}
}

@inproceedings{rodrigues2018performances,
  title={Performances vs reliability: how to exploit approximate computing for safety-critical applications},
  author={Rodrigues, Gennaro S and Kastensmidt, Fernanda L and Pouget, Vincent and Bosio, Alberto},
  booktitle={2018 IEEE 24th International Symposium on On-Line Testing And Robust System Design (IOLTS)},
  pages={291--294},
  year={2018},
  organization={IEEE}
}
@article{carreira1998xception,
  title={Xception: A technique for the experimental evaluation of dependability in modern computers},
  author={Carreira, Joao and Madeira, Henrique and Silva, Joao Gabriel},
  journal={IEEE Transactions on Software Engineering},
  volume={24},
  number={2},
  pages={125--136},
  year={1998},
  publisher={IEEE}
}

@inproceedings{venkatagiri2019gem5,
  title={gem5-approxilyzer: An open-source tool for application-level soft error analysis},
  author={Venkatagiri, Radha and Ahmed, Khalique and Mahmoud, Abdulrahman and Misailovic, Sasa and Marinov, Darko and Fletcher, Christopher W and Adve, Sarita V},
  booktitle={2019 49th Annual IEEE/IFIP International Conference on Dependable Systems and Networks (DSN)},
  pages={214--221},
  year={2019},
  organization={IEEE}
}


@inproceedings{fratin2018code,
  title={Code-dependent and architecture-dependent reliability behaviors},
  author={Fratin, Vinicius and Oliveira, Daniel and Lunardi, Caio and Santos, Fernando and Rodrigues, Gennaro and Rech, Paolo},
  booktitle={2018 48th Annual IEEE/IFIP International Conference on Dependable Systems and Networks (DSN)},
  pages={13--26},
  year={2018},
  organization={IEEE}
}

@inproceedings{li2021understanding,
  title={Understanding a program's resiliency through error propagation},
  author={Li, Zhimin and Menon, Harshitha and Mohror, Kathryn and Bremer, Peer-Timo and Livant, Yarden and Pascucci, Valerio},
  booktitle={Proceedings of the 26th ACM SIGPLAN Symposium on Principles and Practice of Parallel Programming},
  pages={362--373},
  year={2021}
}

@article{bohr200730,
  title={A 30 year retrospective on Dennard's MOSFET scaling paper},
  author={Bohr, Mark},
  journal={IEEE Solid-State Circuits Society Newsletter},
  volume={12},
  number={1},
  pages={11--13},
  year={2007},
  publisher={IEEE}
}
@inproceedings{esmaeilzadeh2011dark,
  title={Dark silicon and the end of multicore scaling},
  author={Esmaeilzadeh, Hadi and Blem, Emily and St. Amant, Renee and Sankaralingam, Karthikeyan and Burger, Doug},
  booktitle={Proceedings of the 38th annual international symposium on Computer architecture},
  pages={365--376},
  year={2011}
}
@misc{ReliabilityTexasInstruments, 
author={Texas Instruments},
url={https://www.ti.com/support-quality/reliability/reliability-terminology.html}, 
title={Reliability terminology | Reliability | Quality \& reliability | TI.com}, 
publisher={Texas Instruments},
year = 2021
} 

@article{anghel2018test,
  title={Test and reliability in approximate computing},
  author={Anghel, Lorena and Benabdenbi, Mounir and Bosio, Alberto and Traiola, Marcello and Vatajelu, Elena Ioana},
  journal={Journal of Electronic Testing},
  volume={34},
  number={4},
  pages={375--387},
  year={2018},
  publisher={Springer}
}

@inproceedings{sharif2021approxtuner,
  title={ApproxTuner: a compiler and runtime system for adaptive approximations},
  author={Sharif, Hashim and Zhao, Yifan and Kotsifakou, Maria and Kothari, Akash and Schreiber, Ben and Wang, Elizabeth and Sarita, Yasmin and Zhao, Nathan and Joshi, Keyur and Adve, Vikram S and others},
  booktitle={Proceedings of the 26th ACM SIGPLAN Symposium on Principles and Practice of Parallel Programming},
  pages={262--277},
  year={2021}
}

@inproceedings{mirsalari2023translib,
  title={TransLib: A library to explore transprecision floating-point arithmetic on multi-core IoT end-nodes},
  author={Mirsalari, Seyed Ahmad and Tagliavini, Giuseppe and Rossi, Davide and Benini, Luca},
  booktitle={2023 Design, Automation \& Test in Europe Conference \& Exhibition (DATE)},
  pages={1--2},
  year={2023},
  organization={IEEE}
}

@article{subramanya2001image,
  title={Image compression technique},
  author={Subramanya, A},
  journal={IEEE potentials},
  volume={20},
  number={1},
  pages={19--23},
  year={2001},
  publisher={IEEE}
}

% This reference is visible in the Bibliography, but not in the text above it. To see how this is done, have a look at the code for the 'Introduction'-section
@online{imt_software_wiki,
    author = "NTNU, Department of Marine Technology", 
    title = "IMT Software Wiki - LaTeX", 
    url = "https://www.ntnu.no/wiki/display/imtsoftware/LaTeX", 
    urldate = "2020-09-15"  }% This is the date we entered the page
}